<record><leader>00000cas a2200000 a 4500</leader><controlfield tag="001">55942686</controlfield><controlfield tag="006">m     o  d        </controlfield><controlfield tag="007">cr bu|||||||||</controlfield><controlfield tag="008">040714c20029999vtudr neo     0    0eng c</controlfield><datafield ind1=" " ind2=" " tag="010"><subfield code="a">  2007254105</subfield></datafield><datafield ind1=" " ind2=" " tag="040"><subfield code="a">KUK</subfield><subfield code="b">eng</subfield><subfield code="c">KUK</subfield><subfield code="d">OCLCQ</subfield><subfield code="d">CUS</subfield><subfield code="d">OCLCQ</subfield><subfield code="d">OCLCF</subfield><subfield code="d">OCLCQ</subfield></datafield><datafield ind1=" " ind2=" " tag="042"><subfield code="a">pcc</subfield></datafield><datafield ind1=" " ind2=" " tag="043"><subfield code="a">e-uk-st</subfield></datafield><datafield ind1="0" ind2=" " tag="130"><subfield code="a">Edinburgh evening news (Edinburgh, Scotland : 1995 : Online)</subfield></datafield><datafield ind1="1" ind2="0" tag="245"><subfield code="a">Edinburgh evening news.</subfield></datafield><datafield ind1="1" ind2=" " tag="246"><subfield code="i">Title from HTML header on some versions:</subfield><subfield code="a">Edinburgh evening news, Scotland</subfield></datafield><datafield ind1=" " ind2=" " tag="260"><subfield code="a">[Edinburgh] :</subfield><subfield code="b">Scotsman Publications</subfield></datafield><datafield ind1=" " ind2=" " tag="310"><subfield code="a">Daily (except Sun.)</subfield></datafield><datafield ind1=" " ind2=" " tag="336"><subfield code="a">text</subfield><subfield code="b">txt</subfield><subfield code="2">rdacontent</subfield></datafield><datafield ind1=" " ind2=" " tag="337"><subfield code="a">computer</subfield><subfield code="b">c</subfield><subfield code="2">rdamedia</subfield></datafield><datafield ind1=" " ind2=" " tag="338"><subfield code="a">online resource</subfield><subfield code="b">cr</subfield><subfield code="2">rdacarrier</subfield></datafield><datafield ind1="1" ind2=" " tag="362"><subfield code="a">Print began with Apr. 24, 1995 issue.</subfield></datafield><datafield ind1=" " ind2=" " tag="530"><subfield code="a">Also issued in print.</subfield></datafield><datafield ind1=" " ind2=" " tag="588"><subfield code="a">Description based on: Oct. 16, 1997; title from source information page (LexisNexis academic, viewed Dec. 10, 2007).</subfield></datafield><datafield ind1=" " ind2="0" tag="651"><subfield code="a">Edinburgh (Scotland)</subfield><subfield code="v">Newspapers.</subfield></datafield><datafield ind1=" " ind2="7" tag="651"><subfield code="a">Scotland</subfield><subfield code="z">Edinburgh.</subfield><subfield code="2">fast</subfield><subfield code="0">(OCoLC)fst01205145</subfield></datafield><datafield ind1=" " ind2="7" tag="655"><subfield code="a">Newspapers.</subfield><subfield code="2">fast</subfield><subfield code="0">(OCoLC)fst01423814</subfield></datafield><datafield ind1=" " ind2=" " tag="752"><subfield code="a">Great Britain</subfield><subfield code="b">Scotland</subfield><subfield code="d">Edinburgh.</subfield></datafield><datafield ind1="0" ind2="8" tag="776"><subfield code="i">Print version:</subfield><subfield code="t">Edinburgh evening news (Edinburgh, Scotland : 1995)</subfield><subfield code="x">0307-5761</subfield></datafield><datafield ind1="0" ind2="0" tag="780"><subfield code="t">Evening news (Edinburgh, Scotland : Online)</subfield><subfield code="w">(OCoLC)53073161</subfield></datafield><datafield ind1="4" ind2="0" tag="856"><subfield code="u">http://www.lexisnexis.com/us/lnacademic/api/version1/sf?shr=t&amp;sfi=AC00NBG3nSrch&amp;csi=165414</subfield></datafield><datafield ind1="4" ind2="0" tag="856"><subfield code="u">http://infoweb.newsbank.com/?db=EENB</subfield></datafield><datafield ind1="1" ind2=" " tag="029"><subfield code="a">AU@</subfield><subfield code="b">000042472812</subfield></datafield><datafield ind1="1" ind2=" " tag="029"><subfield code="a">NZ1</subfield><subfield code="b">13843681</subfield></datafield></record>